<?xml version="1.0" encoding="UTF-8"?><collection xmlns="http://www.loc.gov/MARC21/slim"><record><leader>00399nam--2200133-i-4500</leader><controlfield tag="001">000043249</controlfield><controlfield tag="002">20161230</controlfield><controlfield tag="005">20161230201043</controlfield><controlfield tag="008">060222s1000------------r-----000-0-eng-d</controlfield><datafield ind1=" " ind2=" " tag="080"><subfield code="a">551.5</subfield></datafield><datafield ind1=" " ind2=" " tag="100"><subfield code="a">Skkutton,O.G</subfield></datafield><datafield ind1=" " ind2=" " tag="245"><subfield code="a">Micrometeorology. a study of physical processes in the lowest layers of the earth`s atmosphere</subfield></datafield><datafield ind1=" " ind2=" " tag="260"><subfield code="a">New York, Mcgraw-hill Book Comp.,Inc.,1963. 333 P</subfield></datafield><datafield ind1=" " ind2=" " tag="852"><subfield code="a">10285</subfield></datafield></record></collection>